<record xmlns="http://www.loc.gov/MARC21/slim" xmlns:xsi="http://www.w3.org/2001/XMLSchema-instance" xsi:schemaLocation="http://www.loc.gov/MARC21/slim http://www.loc.gov/standards/marcxml/schema/MARC21slim.xsd"><leader>     nam a22        4500</leader><controlfield tag="001">3274716</controlfield><controlfield tag="003">NNC</controlfield><controlfield tag="006">m        d        </controlfield><controlfield tag="007">cr cn |||m|||a</controlfield><controlfield tag="008">150318s1906    le b    o     000 0 ara  </controlfield><datafield ind1=" " ind2=" " tag="040"><subfield code="a">NNU</subfield><subfield code="b">eng</subfield><subfield code="e">rda</subfield><subfield code="c">NNU</subfield></datafield><datafield ind1=" " ind2=" " tag="043"><subfield code="a">cl-----</subfield></datafield><datafield ind1="0" ind2=" " tag="050"><subfield code="a">E143</subfield><subfield code="b">.I42</subfield></datafield><datafield ind1=" " ind2="4" tag="082"><subfield code="a">480</subfield><subfield code="b">I&#8467;9p</subfield></datafield><datafield ind1="0" ind2=" " tag="100"><subfield code="6">880-01</subfield><subfield code="a">Ilya&#772;s ibn H&#803;anna&#772; al-Maws&#803;uli&#772;.</subfield></datafield><datafield ind1="1" ind2="3" tag="245"><subfield code="a">Le plus ancien voyage d'un Oriental en Ame&#769;rique (1668-1683)</subfield><subfield code="b">Voyage du cure&#769; chalde&#769;en Elias, fils du pre&#770;tre Jean de Mossoul, d'apre&#768;s le manuscrit de l'archeve&#770;che&#769; syrien d'Alep,</subfield><subfield code="c">e&#769;dite&#769; pour la premie&#768;re fois et annote&#769; par le p. Antoine Rabbath.</subfield></datafield><datafield ind1=" " ind2=" " tag="260"><subfield code="a">Beyrouth :</subfield><subfield code="b">Impr. catholique,</subfield><subfield code="c">1906.</subfield></datafield><datafield ind1=" " ind2=" " tag="300"><subfield code="a">online resource (91 pages) :</subfield><subfield code="b">folded map</subfield></datafield><datafield ind1=" " ind2=" " tag="336"><subfield code="a">text</subfield><subfield code="2">rdacontent</subfield></datafield><datafield ind1=" " ind2=" " tag="337"><subfield code="a">computer</subfield><subfield code="2">rdamedia</subfield></datafield><datafield ind1=" " ind2=" " tag="338"><subfield code="a">online resource</subfield><subfield code="2">rdacarrier</subfield></datafield><datafield ind1=" " ind2=" " tag="500"><subfield code="a">Cover title.</subfield></datafield><datafield ind1=" " ind2=" " tag="500"><subfield code="a">In Arabic.</subfield></datafield><datafield ind1=" " ind2=" " tag="500"><subfield code="a">Part of the Arabic Collections Online (ACO) project, contributed by Columbia University Libraries.</subfield></datafield><datafield ind1=" " ind2=" " tag="533"><subfield code="a">Electronic reproduction.</subfield><subfield code="b">New York, N.Y. :</subfield><subfield code="c">New York University,</subfield><subfield code="d">2015.</subfield><subfield code="5">NNU</subfield></datafield><datafield ind1=" " ind2="0" tag="651"><subfield code="a">Latin America</subfield><subfield code="x">Description and travel.</subfield></datafield><datafield ind1=" " ind2="7" tag="650"><subfield code="a">Travel.</subfield><subfield code="2">fast</subfield><subfield code="0">(OCoLC)fst01155558</subfield></datafield><datafield ind1=" " ind2="7" tag="651"><subfield code="a">Latin America.</subfield><subfield code="2">fast</subfield><subfield code="0">(OCoLC)fst01245945</subfield></datafield><datafield ind1="1" ind2=" " tag="700"><subfield code="a">Rabbath, Antoine,</subfield><subfield code="d">1867-1913,</subfield><subfield code="e">editor.</subfield></datafield><datafield ind1="2" ind2=" " tag="710"><subfield code="a">Columbia University.</subfield><subfield code="b">Libraries.</subfield></datafield><datafield ind1="0" ind2=" " tag="730"><subfield code="a">Arabic Collections Online.</subfield></datafield><datafield ind1="0" ind2="8" tag="776"><subfield code="i">Print version:</subfield><subfield code="a">Ilya&#772;s ibn H&#803;anna&#772; al-Maws&#803;uli&#772;.</subfield><subfield code="t">Le plus ancien voyage d'un Oriental en Ame&#769;rique (1668-1683)</subfield><subfield code="w">(NNC)3274716</subfield><subfield code="w">(DLC)   53048664 </subfield><subfield code="w">(OCoLC)6995501</subfield></datafield><datafield ind1="4" ind2="0" tag="856"><subfield code="u">http://hdl.handle.net/2333.1/0k6djkkt</subfield></datafield><datafield ind1="0" ind2=" " tag="880"><subfield code="6">100-01/r</subfield><subfield code="a">&#1575;&#1604;&#1610;&#1575;&#1587; &#1576;&#1606; &#1581;&#1606;&#1575; &#1575;&#1604;&#1605;&#1608;&#1589;&#1604;&#1610;.</subfield></datafield><datafield ind1=" " ind2=" " tag="959"><subfield code="a">NNU</subfield><subfield code="b">WEB</subfield><subfield code="c">GENI</subfield><subfield code="t">0</subfield><subfield code="m">Electronic access</subfield><subfield code="s">01</subfield></datafield><datafield ind1=" " ind2=" " tag="999"><subfield code="i">NNC_3274716</subfield><subfield code="o">(OCoLC)ocm06995501</subfield><subfield code="e">(ERROR-880)</subfield><subfield code="s">columbia_aco000317</subfield></datafield></record>